
@book{ciarlet1988mathematical,
	title={Mathematical Elasticity. Volume 1: Three-dimensional Elasticity},
	author={Ciarlet, Philippe G},
	volume={20},
	year={1988},
	publisher={Elsevier},
	address={Amsterdam},
	editor={Lions, J L and Papanicolaou, G and Fujita, H and Keller, H B},
	series={Studies in Mathematics and its Applications}
}

@book{Marsd,
author = {Marsden, J. E. and Hughes, T. J. R.},
publisher = {Dover},
title = {Mathematical Foundations of Elasticity},
year = {1994},
}

@book{Bower,
author = {Bower, A. F.},
publisher = {CRC press},
title = {Applied Mechanics of Solids},
year = {2009},
}

@PHDTHESIS{thesisBader,
	title={Contribution m\'{e}canique \`{a} la r\'{e}duction des marges en radioth\'{e}rapie
	de la prostate: mod\'{e}lisation et simulation num\'{e}rique du mouvement
	et de la d\'{e}formation des organes pelviens},
	author={Boubaker, Mohamed Bader},
	school={Institut National Polytechnique de Lorraine},
	year={2009}
	}

@article{cheviakov2012symmetry,
	title={Symmetry properties of two-dimensional {C}iarlet--{M}ooney--{R}ivlin constitutive models in nonlinear elastodynamics},
	author={Cheviakov, A. F. and Ganghoffer, J-F.},
	journal={Journal of Mathematical Analysis and Applications},
	volume={396},
	number={2},
	pages={625--639},
	year={2012},
	publisher={Elsevier}
}

@article{cheviakov2016one,
	title={One-dimensional nonlinear elastodynamic models and their local conservation laws with applications to biological membranes},
	author={Cheviakov, A. F. and Ganghoffer, J-F.},
	journal={Journal of the Mechanical Behavior of Biomedical Materials},
	volume={58},
	pages={105--121},
	year={2016},
	publisher={Elsevier}
}


@article{hartmann2001parameter,
	title={Parameter estimation of hyperelasticity relations of generalized polynomial-type with constraint conditions},
	author={Hartmann, S.},
	journal={International Journal of Solids and Structures},
	volume={38},
	number={44-45},
	pages={7999--8018},
	year={2001},
	publisher={Elsevier}
}

@article{yeoh1993some,
	title={Some forms of the strain energy function for rubber},
	author={Yeoh, O. H.},
	journal={Rubber Chemistry and technology},
	volume={66},
	number={5},
	pages={754--771},
	year={1993}
}

@mastersthesis{AgyThesis2020,
    author     =     {Samuel Opoku Agyemang},
    title     =     {{Shear Wave Models in Linear and Nonlinear Elastic Materials}},
    school     =     {University of Saskatchewan},
    address     =     {Saskatoon, Canada},
    year     =     {2020}
}

@article{rushchitsky2013two,
  title={On two-dimensional nonlinear wave equations for the {M}urnaghan model},
  author={Rushchitsky, J. J. and Sinchilo, S. V.},
  journal={International Applied Mechanics},
  volume={49},
  number={5},
  pages={512--520},
  year={2013},
  publisher={Springer US}
}

@article{rushchitsky2013nonlinear,
	title={On a nonlinear description of {L}ove waves},
	author={Rushchitsky, J. J.},
	journal={International Applied Mechanics},
	volume={49},
	number={6},
	pages={629--640},
	year={2013},
	publisher={Springer}
}

@book{rushchitsky2014nonlinear,
  title={Nonlinear Elastic Waves in Materials},
  author={Rushchitsky, Jeremiah J},
  year={2014},
  publisher={Springer}
}

@book{murnaghan1951finite,
	title={Finite Deformation of an Elastic Solid},
	author={Murnaghan, F. D.},
	year={1951},
	publisher={Wiley}
}

@article{ortigosa2016computational,
	title={A computational framework for polyconvex large strain elasticity for geometrically exact beam theory},
	author={Ortigosa, R. and Gil, A. J. and Bonet, J. and Hesch, C.},
	journal={Computational mechanics},
	volume={57},
	number={2},
	pages={277--303},
	year={2016},
	publisher={Springer}
}
@article{kambouchev2007polyconvex,
title={A polyconvex model for materials with cubic symmetry},
author={Kambouchev, Nayden and Fernandez, Javier and Radovitzky, Raul},
journal={Modelling and Simulation in Materials Science and Engineering},
volume={15},
number={5},
pages={451},
year={2007},
publisher={IOP Publishing}
}
